@article{PORCARELLI20141671,
	title = {Clamp-and-Forget: A self-sustainable non-invasive wireless sensor node for smart metering applications},
	journal = {Microelectronics Journal},
	volume = {45},
	number = {12},
	pages = {1671-1678},
	year = {2014},
	issn = {0026-2692},
	doi = {https://doi.org/10.1016/j.mejo.2014.05.019},
	url = {https://www.sciencedirect.com/science/article/pii/S0026269214001785},
	author = {Danilo Porcarelli and Davide Brunelli and Luca Benini},
	keywords = {Current sensing, Energy harvesting, Smart metering, Wireless sensor networks},
	abstract = {Measuring and managing the power consumption of household appliances, as well as that of industrial machineries, is becoming more and more important to improve the distribution and usage of the electrical energy and to reduce the energy bill. We present the design of a non-invasive wireless current meter which can measure AC current up to 60ARMS exploiting a small clamp-on inductive sensor. The novelty of the design is a subsystem consisting of a harvesting circuit designed to extract energy from the same current transducer used for measurements. Experiments have been conducted to validate the approach, to assess the accuracy of the sensing system and deviations due to the energy harvester, and to determine the condition which permits us to achieve the energy neutrality and thus, a self-sustainable smart meter.}}

https://www.hobut.co.uk/Split%20Core%20Clip%20together%20range.pdf

@MISC{ct_hobut,
	author =	{{Howard Butler}},
	title =	{SPLIT-CORE CURRENT TRANSFORMERS},
	url = {https://www.hobut.co.uk/Split%20Core%20Clip%20together%20range.pdf},
	note =	{Disponible: 2021-05-05},
}


@MISC{fpf2100,
	author =	{{ON Semiconductor}},
	title =	{FPF2100 - Load switches},
	url = {https://www.onsemi.com/pdf/datasheet/fpf2104-d.pdf},
	note =	{Disponible: 2021-05-05},
}


@MISC{lora_alliance,
	author =	{{LoRa Alliance}},
	title =	{Micropython},
	url = {https://lora-alliance.org/},
	note =	{Disponible: 2021-05-05},
}

@book{ceraolo2014fundamentals,
	title={Fundamentals of Electric Power Engineering: From Electromagnetics to Power Systems},
	author={Ceraolo, M. and Poli, D.},
	isbn={9781118868751},
	lccn={2014004529},
	year={2014},
	publisher={Wiley}
}

@MISC{micropy,
	author =	{{Damien George}},
	title =	{Micropython},
	url = {https://micropython.org/},
	note =	{Disponible: 2021-05-05},
}


@MISC{raspi,
	author =	{{Raspberry Pi Foundation}},
	title =	{Raspberry Pi 3b+},
	url = {https://www.raspberrypi.org/products/raspberry-pi-3-model-b-plus/},
	note =	{Disponible: 2021-05-05},
}


@MISC{mariadb,
	author =	{{MariaDB Foundation}},
	title =	{Grafana, the open obserbavility platform},
	url = {https://mariadb.org/},
	note =	{Disponible: 2021-05-05},
}


@MISC{grafana,
	author =	{{Torkel Ödegaard}},
	title =	{Grafana, the open obserbavility platform},
	url = {https://grafana.com/},
	note =	{Disponible: 2021-05-05},
}


@MISC{elasticsearch,
	author =	{{Shay Banon}},
	title =	{Elasticsearch},
	url = {https://www.elastic.co/es/what-is/elasticsearch},
	note =	{Disponible: 2021-05-05},
}

@MISC{altech,
	author =	{{Altech Mexico}},
	title =	{Fundamentos del transformador de corriente},
	url = {https://www.acotron.com/download/1f2d4d736b6a3686c32b774adf771d4b_MX-CT-INFO.pdf},
	note =	{Disponible: 2021-05-05},
}

@MISC{lopy4,
	author =	{{PYCOM}},
	title =	{LoPy 4},
	url = {https://docs.pycom.io/datasheets/development/lopy4/},
	note =	{Disponible: 2021-05-05},
}

@MISC{historico_temperaturas,
	author =	{{Meteoblue}},
	title =	{Archivo meteorologico de la ciudad de Posadas, Misiones},
	url = {https://www.meteoblue.com/es/tiempo/historyclimate/weatherarchive/posadas_argentina_3429886?fcstlength=1m&year=2020&month=9},
	note =	{Disponible: 2021-05-05},
}

@mastersthesis{Yilmaz,
	author={{Yilmaz, Mehmet}},
	title={Passive Full-Wave MOSFET Rectifiers for Electromagnetic Harvesting},
	year={2013},
	publisher="UWSpace",
	url={http://hdl.handle.net/10012/7722}
}

@MISC{Hua,
	author =	{{X. Hua}},
	title =	{Power Management Techniques for Supercapacitor Based IoT Applications},
	url =	{https://bit.ly/3eZlAjM},
	note =	{Disponible: 202-03-17},
}

@misc{rfc8376,
	series =	{Request for Comments},
	number=		8376,
	howpublished=	{RFC 8376},
	publisher =	{RFC Editor},
	doi =		{10.17487/rfc2616},
	url =		{https://tools.ietf.org/html/rfc8376},
	author=		{Internet Engineering Task Force (IETF)},
	title=		{{Hypertext Transfer Protocol -- HTTP/1.1}},
	pagetotal =	176,
	year =		2018,
	month =		5,
	day =		2,
	abstract =	{Low-Power Wide Area Networks (LPWANs) are wireless technologies with characteristics such as large coverage areas, low bandwidth, possibly very small packet and application-layer data sizes, and long battery life operation.  This memo is an informational overview of the set of LPWAN technologies being considered in the IETF and of the gaps that exist between the needs of those technologies and the goal of running IP in LPWANs.},
}



@ARTICLE{ARTICLE:1,
	AUTHOR="L. Lu Y. Liang B. Li and J. Guo",
	TITLE="Maintenance of the OPGW using a distributed optical fiber sensor",
	JOURNAL="International Conference on Power System Technology, Chengdu",
	YEAR="2014",
	PAGES="1251-1256",
	url={https://ieeexplore.ieee.org/abstract/document/6993536}
}


@ARTICLE{ARTICLE:2,
    AUTHOR="Milton Eduardo Sosa, Eduardo Omar Sosa",
    TITLE="Internet de las Cosas en Entornos Acad{\'e}micos. Caso de {\'E}xito en la Universidad de Misiones",
    JOURNAL="UBA Elektron",
    YEAR="2017",
    url={http://elektron.fi.uba.ar/index.php/elektron/article/view/9}
}


@ARTICLE{ARTICLE:3,
	AUTHOR="X. Chen L. Sun, H. Zhu Y. Zhen and H. Chen",
	TITLE="Application of Internet of Things in Power-Line Monitoring",
	JOURNAL="International Conference on Cyber-Enabled Distributed Computing and Knowledge Discover",
	PAGES="423-426",
	YEAR="2012",
}


@ARTICLE{ARTICLE:4,
	AUTHOR="H. Filho, J. Filho y V. Moreli",
	TITLE="The adequacy of LoRaWAN on smart grids: A comparison with RF mesh technology",
	JOURNAL="IEEE International Smart Cities Conference (ISC2)",
	YEAR="2016",
}


@ARTICLE{ARTICLE:5,
	AUTHOR="S. Dalola y e. al",
	TITLE="Autonomous Sensor System With Power Harvesting for Telemetric Temperature Measurements of Pipes",
	JOURNAL="IEEE Transactions on Instrumentation and Measurement, vol. 58",
	PAGES="1471-1478",
	YEAR="2009",
}


@ARTICLE{ARTICLE:6,
	AUTHOR="John Doe",
	TITLE="Title",
	JOURNAL="Journal",
	YEAR="2017",
}

@BOOK{BOOK:1,
    AUTHOR="John Doe",
    TITLE="The Book without Title",
    PUBLISHER="Dummy Publisher",
    YEAR="2100",
}



@article{MA2018653,
	title = {Temperature effect and thermal impact in lithium-ion batteries: A review},
	journal = {Progress in Natural Science: Materials International},
	volume = {28},
	number = {6},
	pages = {653-666},
	year = {2018},
	issn = {1002-0071},
	doi = {https://doi.org/10.1016/j.pnsc.2018.11.002},
	url = {https://www.sciencedirect.com/science/article/pii/S1002007118307536},
	author = {Shuai Ma and Modi Jiang and Peng Tao and Chengyi Song and Jianbo Wu and Jun Wang and Tao Deng and Wen Shang},
	keywords = {Lithium-ion battery, Temperature effect, Internal temperature, Battery management, Thermal management},
	abstract = {Lithium-ion batteries, with high energy density (up to 705 Wh/L) and power density (up to 10,000 W/L), exhibit high capacity and great working performance. As rechargeable batteries, lithium-ion batteries serve as power sources in various application systems. Temperature, as a critical factor, significantly impacts on the performance of lithium-ion batteries and also limits the application of lithium-ion batteries. Moreover, different temperature conditions result in different adverse effects. Accurate measurement of temperature inside lithium-ion batteries and understanding the temperature effects are important for the proper battery management. In this review, we discuss the effects of temperature to lithium-ion batteries at both low and high temperature ranges. The current approaches in monitoring the internal temperature of lithium-ion batteries via both contact and contactless processes are also discussed in the review.}
}

@INBOOK{AEA:1,
    AUTHOR="Asociaci{\'o}n Electrot{\'e}cnica Argentina",
    TITLE="AEA 95301 - Reglamentaci{\'o}n Líneas A{\'e}reas Exteriores de Media Tensi{\'o}n y Alta Tensi{\'o}n",
    PUBLISHER="Asociaci{\'o}n Electrot{\'e}cnica Argentina - AEA",
    YEAR="2007",
    PAGES="13",
}

@MISC{MYEEL,
	HOWPUBLISHED = "\url{https://www.myeel.com.ar/novedad/Meterlink}",
	AUTHOR = "MYEEL",
	TITLE = "Meterlink",
	MONTH = "05",
	YEAR = "2021",
	URLDATE = {2021-05-04},
}

@MISC{datasheet_supercap,
	author =	{{Samwha}},
	title =	{Green Cap - Electric double layer capacitors},
	url =	{http://www.samwha.com/electric/product/list_pdf1/DB.pdf},
	note =	{Disponible: 2021-05-05},
}

@MANUAL{dallas:ds18b20,
    organization  = "Dallas Semiconductor",
    title         = "DS18B20 Programmable Resolution 1-Wire Digital Thermometer",
    number        = "050400",
    year          =  2015,
    note          = "Rev. 3"
}

@book{teton2003,
	title={Gu{\'\i}a t{\'e}cnica de la acuariofilia},
	author={Teton, J.},
	isbn={9788489840249},
	series={Gu{\'\i}as t{\'e}cnicas},
	url={https://books.google.com.ar/books?id=6vrjovWkQicC},
	year={2003},
	publisher={Tursen S.A. - H. Blume}
}

@book{IEEE:citation,
	author={IEEE},
	title={IEEE Citation Reference},
	edition={1},
	url={http://www.ieee.org/documents/ieeecitationref.pdf},
	urldate={2016-9-26},
	publisher={IEEE Publications},
	year={2016}
}

@misc{Noticia_MNES,
	author = {{Misiones Online}},
	title = {La breve tormenta que pas{\'o} por Posadas dej{\'o} a un {\'a}rbol sujeto al tendido el{\'e}ctrico y hay alerta entre los vecinos},
	url = {https://misionesonline.net/2020/02/25/la-breve-tormenta-que-paso-por-posadas-dejo-a-un-arbol-sujeto-al-tendido-electrico-y-hay-alerta-entre-los-vecinos/},
	note = {Visitado el 2021-05-04},
	year = {2020}
}

@MISC{hioki,
	author =	{{HIOKI}},
	title =	{Current sensor measurement principles},
	url =	{https://www.hioki.com/en/products/listUse/?category=17},
	note =	{Disponible: 2016-06-25},
}

@MISC{datasheet_relay,
	author =	{{HONGFA}},
	title =	{HF115F - MINIATURE HIGH POWER RELAY},
	url =	{https://datasheet.octopart.com/HF115F-005-2ZS4AF%28257%29-Hongfa-datasheet-150612269.pdf},
	note =	{Disponible: 2021-05-05},
}

@MISC{lpcopen,
   author =	{{NXP Semiconductors}},
   title =	{LPCOPEN v2.16 Drivers, Middleware and Examples},
   url =	{http://www.nxp.com/products/microcontrollers-and-processors/arm-processors/lpc-cortex-m-mcus/software-tools/lpcopen-libraries-and-examples:LPC-OPEN-LIBRARIES},
   note =	{Disponible: 2016-06-25},
 }
 
@MISC{contrib,
	author =	{{Savannah}},
	title =	{lwIP - A Lightweight TCP/IP stack},
	url =	{http://git.savannah.gnu.org/cgit/lwip/lwip-contrib.git},
	note =	{Disponible: 2016-06-25},
 }

@MISC{webserver,
	author =	{{Savannah}},
	title =	{lwIP - Wiki - Sample Web Server},
	url =	{ http://lwip.wikia.com/wiki/Sample_Web_Server},
	note =	{Disponible: 2016-06-25}
 } 
 


@MISC{sensor_pH,
   author =	{dfRobot},
   title =	{PH meter(SKU: SEN0161)},
   url =	{http://www.dfrobot.com/wiki/index.php?title=PH_meter(SKU:_SEN0161)},
   note =	{Disponible: 2016-06-25},
}

@misc{rfc2616,
	series =	{Request for Comments},
	number=		2616,
	howpublished=	{RFC 2616},
	publisher =	{RFC Editor},
	doi =		{10.17487/rfc2616},
	url =		{https://rfc-editor.org/rfc/rfc2616.txt},
	author=		{Jeffrey Mogul and Larry M Masinter and Roy T. Fielding and Jim Gettys and Paul J. Leach and Tim Berners-Lee},
	title=		{{Hypertext Transfer Protocol -- HTTP/1.1}},
	pagetotal =	176,
	year =		2013,
	month =		3,
	day =		2,
	abstract =	{HTTP has been in use by the World-Wide Web global information initiative since 1990. This specification defines the protocol referred to as &quot;HTTP/1.1&quot;, and is an update to RFC 2068. [STANDARDS-TRACK]},
}

@misc{rfc3875,
	series =	{Request for Comments},
	number=		3875,
	howpublished=	{RFC 3875},
	publisher =	{RFC Editor},
	doi =		{10.17487/rfc3875},
	url =		{https://rfc-editor.org/rfc/rfc3875.txt},
	author=		{David Robinson},
	title=		{{The Common Gateway Interface (CGI) Version 1.1}},
	pagetotal =	36,
	year =		2013,
	month =		mar,
	day =		20,
	abstract =	{The Common Gateway Interface (CGI) is a simple interface for running external programs, software or gateways under an information server in a platform-independent manner. Currently, the supported information servers are HTTP servers.},
}

@misc{rfc7540,
	series =	{Request for Comments},
	number=		7540,
	howpublished=	{RFC 7540},
	publisher =	{RFC Editor},
	doi =		{10.17487/rfc7540},
	url =		{https://rfc-editor.org/rfc/rfc7540.txt},
	author=		{Mike Belshe and Roberto Peon and Martin Thomson},
	title=		{{Hypertext Transfer Protocol Version 2 (HTTP/2)}},
	pagetotal =	96,
	year =		2015,
	month =		nov,
	day =		18,
	abstract =	{This specification describes an optimized expression of the semantics of the Hypertext Transfer Protocol (HTTP), referred to as HTTP version 2 (HTTP/2). HTTP/2 enables a more efficient use of network resources and a reduced perception of latency by introducing header field compression and allowing multiple concurrent exchanges on the same connection. It also introduces unsolicited push of representations from servers to clients.},
}